1768 3068
219 208 296 255 192
838 211 1014 259 *Λύσω
1056 242 1059 247 .

206 279 418 354 -ztiglicb
436 284 756 337 auszeichnet
775 289 924 348 ;.dass
942 291 1020 340 ich
1037 289 1172 340 mich
1199 292 1340 346 nicht
1370 295 1628 350 e'nthalten

226 373 358 422 kann
375 405 395 429 ,
422 371 589 422 m'eine
605 373 751 423 Leser
772 375 1292 429 ,daraufaufmerksam
1317 399 1374 430 zu
1404 382 1631 436 macheu.

329 492 497 537 Strauit
527 488 745 535 Revaium
774 506 960 544 manans
989 509 1067 549 per
1091 497 1260 541 viscera
1292 500 1417 543 tabes
1436 533 1449 552 ,

439 564 698 623 Exangue'm
721 595 734 617 ‚
766 574 811 607 et
834 565 1024 609 fractum
1056 570 1260 612 membra
1292 571 1449 615 labore
1488 576 1630 633 graui.

329 639 651 694 Iamque,xdiu
681 641 805 682 varia
833 639 899 682 nil
924 640 1190 696 proficiente
1225 645 1431 698 medela,

439 713 677 755 Intendere
711 710 827 755 feras
852 712 1008 755 vltima
1038 711 1130 755 fata
1164 716 1321 758 minas.

325 786 829 843 Illelyramssincrcpuit
845 786 914 830 vel
940 785 1156 842 languens
1187 788 1350 834 blanda
1379 797 1633 844 sonantem,

339 866 344 870 “
442 860 631 903 Carmen
664 867 711 901 vt
737 869 986 907 extremum
1017 862 1227 906 concinat
1256 863 1380 908 sibus
1413 864 1532 908 olor.

327 934 453 977 Mors
481 935 675 986 stupam
705 932 949 990 retulitque
979 936 1140 988 pedem
1174 936 1339 990 suffusa
1372 938 1577 992 pudore;

436 1006 616 1050 Excidit
657 1016 702 1048 vt
735 1019 869 1048 saeua
896 1006 986 1047 falx
1023 1010 1408 1054 nocitura'manu.

326 1080 454 1124 Nunc
479 1088 650 1121 veteres
678 1074 854 1133 reparat
876 1080 1034 1121 vitiato
1061 1082 1104 1123 in
1135 1091 1320 1136 pectore
1351 1085 1465 1127 vires

436 1152 603 1195 Herbis‘
622 1151 720 1204 ipse
748 1152 882 1193 Pater
905 1150 1108 1204 promtus
1138 1145 1299 1205 Apollo
1326 1142 1434 1205 suis.

354 1280 901 1350 BARATSAGOS
939 1266 1496 1351 LEVELEKBo'L.

872 1398 958 1431 Ex

498 1467 788 1512 LITERIS
817 1465 1346 1514 FAMILIARIBUS.

350 1573 616 1642 Augustini
649 1568 932 1628 Karabaj'e
966 1571 1170 1622 Scholis
1202 1572 1332 1634 Piis,
1381 1571 1633 1623 Professo-

213 1662 278 1713 τίς
318 1664 436 1709 olim
465 1659 517 1708 in
545 1658 689 1708 Poesi
717 1659 864 1727 longe
887 1658 1218 1707 meritissimi.

348 1744 441 1793 Pro
455 1742 742 1811 gratissimo
770 1760 971 1791 munere
997 1742 1398 1791 lucubrationum
1415 1753 1632 1797 tuarum,

194 1849 316 1898 >quo
339 1847 418 1879 me
437 1826 564 1877 nihil
590 1828 688 1877 tale
726 1827 1024 1897 cogitantem
1050 1825 1245 1882 beasti,
1277 1836 1439 1894 grates
1469 1832 1632 1875 tantas

217 1916 311 1966 tibi
326 1933 387 1964 ne
407 1930 551 1983 agere
571 1912 772 1979 quidem
790 1931 997 1979 possum
1013 1944 1027 1967 ‚
1054 1911 1123 1961 mi
1147 1911 1357 1961 Nicolae
1377 1912 1389 1959 !
1422 1911 1631 1980 qua‘ntas

216 2013 269 2050 et
293 2014 344 2050 tu
363 2000 568 2048 mereris
588 2034 603 2055 ‚
633 2013 682 2046 et
695 2017 786 2067 ego
807 2000 924 2047 volo
944 2018 955 2050 z
977 2011 1139 2047 tantas
1159 1997 1309 2066 igitur
1329 2014 1420 2065 ago
1437 2036 1452 2061 ‚
1479 1994 1634 2062 quan-

218 2097 294 2134 tas
325 2101 528 2151 possum
551 2103 565 2142 ς
586 2081 855 2151 proElegia
872 2082 1062 2132 nomini
1095 2101 1209 2131 meo
1228 2081 1468 2149 inscripta
1487 2100 1634 2149 pecu-

218 2171 408 2222 liares:
442 2170 494 2218 in
529 2185 623 2235 qua
647 2186 824 2235 nempe
861 2185 974 2232 me,
1004 2169 1135 2218 vltra
1162 2164 1330 2218 meum
1361 2185 1510 2217 omne
1532 2186 1637 2217 me-

219 2260 369 2308 ritum
393 2294 409 2317 ,
468 2255 848 2306 honestissimae
893 2253 1051 2303 laudis
1103 2267 1217 2303 tuae
1235 2292 1248 2313 ‚
1299 2253 1493 2322 magnis
1513 2287 1531 2310 ,
1584 2267 1636 2304 et

216 2343 389 2393 multis
433 2341 686 2392 laboribus
729 2340 828 2389 tuis
875 2340 1122 2406 quaesitae
1139 2375 1153 2400 ,
1205 2353 1310 2389 tam
1355 2337 1632 2390 liberaliter

219 2429 389 2478 fecisti
412 2430 711 2496 participem
731 2467 743 2488 ‚
782 2427 1004 2497 omnium
1023 2462 1038 2484 ,
1070 2445 1318 2493 quosquos
1345 2426 1632 2492 eliquando

1743 2315 1753 2326 ‘⁵
1747 2227 1763 2299 x*na-‘nr
1743 2195 1765 2217 ζ’..
1751 2099 1768 2178 ἦρι-ξ,

145 2539 147 2545 ’
218 2515 444 2571 institui,
474 2531 696 2564 meorum
730 2513 1121 2582 discipulorum,
1156 2515 1428 2565 secundum
1458 2532 1632 2564 omnes
1701 2577 1706 2583 .
1736 2511 1768 2556 Ἰ’ἶ

219 2613 273 2650 et
301 2617 569 2656 numeros,
605 2614 656 2648 et
687 2600 894 2662 modos,
920 2613 970 2649 et
999 2599 1159 2657 mihi,
1195 2614 1243 2650 et
1276 2619 1392 2671 erga
1418 2619 1498 2651 me
1528 2618 1637 2670 gra·
1694 2599 1696 2603 ’

222 2676 439 2736 tissime.
478 2685 636 2755 Legi,
678 2685 866 2755 relegi,
907 2685 1129 2755 perlegi,
1160 2698 1193 2734 'a
1240 2686 1403 2752 capite
1437 2687 1500 2735 ad
1540 2687 1634 2737 cal·

226 2790 367 2829 cem,
397 2773 565 2822 omnia
587 2790 778 2824 summa
806 2791 919 2826 cum
953 2776 1238 2839 voluptate:
1274 2787 1525 2840 promtam
1555 2772 1632 2819 in-

1493 2874 1629 2929 genu
