1768 3068
716 166 899 224 mem
1445 181 1526 227 19⁵

67 286 425 343 promouere,
461 279 605 318 tuum
629 264 889 335 ingenium
923 254 1292 315 consuefecisti.
1330 263 1386 315 Si
1421 282 1515 334 ego

96 359 301 426 quidem
325 355 554 427 ¹delicato
580 371 732 404 sensu
759 370 862 402 non
896 370 1041 401 careo
1060 392 1078 414 ,
1120 352 1163 401 si
1184 364 1519 408 ‚venustatem

75 461 256 510 ¹rerum
283 445 515 494 discerno
533 477 551 499 ‚
589 455 700 491 eam
730 439 784 488 in
803 439 901 489 tuis
922 439 1119 506 scriptis
1141 438 1368 491 inuenio.
1405 439 1514 488 Hoc

91 540 258 584 meum
293 531 355 580 de
393 529 494 579 iilis
524 541 599 579 est
626 525 885 580 iudicium.
919 517 1017 593 Qui
1045 524 1388 575 familiaritate
1420 526 1525 574 Ro-

85 636 354 684 ,manorum
385 615 463 667 vsi
497 631 600 665 non
628 623 773 669 sunt,
809 630 973 678 neque
1014 630 1067 661 se
1100 613 1301 679 penitus
1331 613 1395 662 ad
1425 631 1512 663 eos

92 703 474 772 adplicuerunt,
511 699 771 761 iudicent,
799 699 875 749 vti
909 698 1091 748 sciunt.
1128 727 1195 740 -
1229 686 1375 750 Vale.
1411 701 1513 751 Da.

85 791 209 844 bam
234 789 399 856 pridie
439 785 795 843 Paschalium,
840 799 986 849 1794,
1024 786 1265 840 Karolini.

226 876 468 925 Eiusdem
497 873 562 923 ad
595 870 847 940 Ignatium
886 871 1219 939 Egel-varium
1240 905 1258 930 ‚
1295 890 1320 922 e
1358 872 1519 924 Scho-

85 961 155 1028 iis
179 962 300 1011 Piis
297 995 314 1018 ,
352 958 571 1027 Collegii
599 956 914 1008 Pestinensis
931 957 1236 1018 Rectorem,
1273 960 1407 1007 nunc
1427 944 1520 1007 Or-

84 1047 222 1096 dinis
249 1045 478 1095 eiusdem
513 1042 863 1110 Eraepositum
899 1042 1268 1115 Prouincialem
1311 1046 1525 1113 Dignis-
1560 1100 1563 1102 ,

34 1129 46 1157 ·’
85 1132 298 1194 simum.

156 1259 161 1262 .
202 1217 408 1266 ·Dicito
436 1215 681 1283 'Revaiot
721 1234 837 1280 eum
867 1235 1045 1267 omnes
1090 1221 1229 1287 leges
1273 1217 1528 1270 versionis

87 1300 325 1351 tenuisse.
363 1300 639 1352 Prudenter
666 1300 855 1352 factum
870 1313 891 1360 ',
943 1303 1082 1369 quod
1130 1303 1265 1353 hunc
1305 1295 1346 1352 is
1382 1303 1522 1352 labo-

83 1405 198 1437 rem
241 1387 531 1453 susceperit.
587 1387 816 1437 Certauit
850 1407 1048 1441 mecum
1082 1388 1272 1438 Versor
1304 1388 1525 1457 spiritu„

93 1487 197 1523 arte
215 1513 233 1534 ,
273 1460 537 1524 sententiis
556 1509 573 1535 ,
614 1489 665 1525 et
690 1475 974 1526 totaPoesi.
1010 1476 1308 1525 Exclamani
1330 1514 1343 1536 ,
1373 1492 1426 1526 vt
1454 1474 1522 1526 l'e-

17 1590 20 1593 ‡
87 1558 179 1624 gi,
216 1574 266 1610 et
301 1561 596 1610 ‹exclamaui
638 1561 856 1611 tundens
898 1561 1034 1626 >pede
1081 1574 1305 1620 terram:
1354 1563 1516 1610 bene!-
1575 1612 1589 1628 s

38 1660 39 1664 ¹
90 1647 254 1693 recte!
296 1645 448 1698 Revai
498 1658 611 1707 est3
648 1662 768 1694 nam
819 1645 946 1696 alter
982 1659 1249 1711 Vtramque
1289 1648 1520 1716 linguam

87 1739 286 1794 praeter
317 1725 452 1775 hunc
485 1745 588 1774 non
618 1727 845 1791 possidet
888 1727 993 1788 sic,
1032 1741 1085 1778 vt
1125 1727 1324 1777 Horatii
1373 1748 1516 1785 more

21 1832 23 1834 ·
92 1810 320 1857 exultare
343 1802 524 1875 possit.
565 1809 645 1862 Da
679 1809 725 1858 ei
772 1827 888 1865 meo
920 1810 1127 1860 nomine
1162 1812 1368 1877 plenam
1416 1813 1520 1863 lau-

89 1896 242 1946 dem:
269 1906 433 1962 qnam
459 1913 555 1963 ego
592 1895 780 1945 nostris
808 1895 977 1946 Poetis
1016 1896 1316 1968 Hun'garicis
1351 1898 1520 1947 tribuo

94 1981 282 2050 paucis.
318 2010 383 2028 -.-
420 1982 563 2046 Odas
604 1996 653 2032 et
689 1982 744 2034 id
771 1985 1102 2034 commendat
1151 1983 1343 2046 editas,
1382 1987 1520 2052 quod

95 2065 296 2133 pror'sus
328 2067 436 2118 sine
466 2087 630 2119 errore
657 2069 758 2120 sint
790 2070 978 2138 typico.
1018 2071 1124 2122 Sed
1151 2084 1208 2123 vt
1238 2075 1420 2122 iterum
1446 2092 1520 2121 re-

52 2208 55 2216 ,
93 2165 300 2220 petam:
334 2154 520 2204 Revai!
557 2155 750 2224 Revai!
779 2156 939 2206 bene!
976 2159 1141 2225 recte!
1176 2157 1414 2207 Profecto
1433 2159 1520 2206 tri-
1585 2223 1588 2227 Δ

72 2235 219 2300 Abas,
257 2240 338 2289 vel
358 2254 568 2306 quatuor
589 2241 643 2292 in
665 2242 790 2292 locis
809 2259 890 2293 eas
914 2223 1129 2292 habuit
1116 2243 1364 2313 imagines
1383 2277 1398 2299 ‚
1430 2244 1521 2291 sic-

98 2344 193 2391 que
225 2328 473 2377 vocabulo
512 2347 611 2378 vno
643 2347 749 2378 rem
782 2329 983 2396 pinxit,
1020 2343 1078 2378 vt
1115 2358 1183 2368 -—-
1212 2357 1278 2368 —-
1314 2333 1383 2379 At
1411 2348 1515 2382 non

25 2479 26 2486 ἵ
94 2412 349 2478 proferam
379 2414 541 2481 laudis
573 2411 997 2481 expressionem',
1033 2432 1097 2465 ne
1127 2416 1342 2470 multum
1364 2418 1521 2467 dixis-

26 2525 27 2559 ς
101 2516 152 2548 se
186 2498 382 2551 videar:
421 2499 476 2550 id
513 2513 619 2559 est,
675 2517 743 2550 ne
780 2501 892 2567 plus
946 2501 1071 2550 dicis
1118 2520 1325 2559 caussa,
1368 2522 1518 2569 quam

28 2623 29 2630 ,
97 2584 360 2649 veritatis,
402 2586 666 2652 protulisse
711 2586 990 2640 existimer.
1044 2586 1143 2653 Qui
1187 2587 1230 2636 si
1273 2589 1342 2638 sic
1380 2608 1517 2639 meas

44 2663 57 2682 '¹
92 2671 226 2736 ..odas
255 2670 304 2720 in
333 2670 667 2740 Hungaricum
699 2685 1040 2725 conuerteret:
1082 2691 1258 2725 omnes
1293 2675 1399 2744 igni
1426 2678 1512 2724 ἀπε

30 2754 33 2809 Ι,
76 2775 204 2826 ,μαι
234 2776 405 2820 meas,
440 2777 503 2813 ne
542 2759 661 2826 quid
698 2778 867 2811 earum
914 2759 1149 2830 supersit.
1186 2761 1337 2812 Tanti
1394 2764 1519 2833 hunc

1173 2848 1288 2907 Nz
